<?xml version="1.0" encoding="UTF-8"?><collection xmlns="http://www.loc.gov/MARC21/slim"><record><leader>00395nam--2200133-i-4500</leader><controlfield tag="001">000020409</controlfield><controlfield tag="002">20161230</controlfield><controlfield tag="005">20161230201033</controlfield><controlfield tag="008">060222s1000------------r-----000-0-eng-d</controlfield><datafield ind1=" " ind2=" " tag="080"><subfield code="a">621.37.029.6(043)</subfield></datafield><datafield ind1=" " ind2=" " tag="100"><subfield code="a">Dubost,Gerard</subfield></datafield><datafield ind1=" " ind2=" " tag="245"><subfield code="a">Amplificateur en hyperfrequences a large bande utilisant des elements a resistance negative. these</subfield></datafield><datafield ind1=" " ind2=" " tag="260"><subfield code="a">Paris, Universite, 1963.36 P</subfield></datafield><datafield ind1=" " ind2=" " tag="852"><subfield code="a">76962</subfield></datafield></record></collection>